@article{somecitation,
title={Totally Anti-Gaussian Subsets for a Multiply
Infinite Vector Space},
author={A. Lastname and B. Buthor and S. Other},
journal={Journal of Humbug},
year={2015},
volume={1},
number={4},
pages={1--9},
doi={10.1000/182}
}
