% Follow the format defined below when
% defining publication information!
% Put the bibliography entries in this
% file in the order you wish them to appear
% in the list of publications.
%
% Journal article
%
% @article{citeID,
% title={Work title},               compulsory
% author={A. Author and B. Buthor}, compulsory
% journal={Journal name},           compulsory
% year={YYYY},                      compulsory
% volume={X},                       if applicable
% number={Y},                       if applicable
% pubstate={forthcoming},           if not published yet;
%                                     inpress and prepublished
%                                     also possible
% pages={PPP--PPP},                 if applicable
% doi={10.xxxx/yyy},                kind of compulsory
% keywords={thisdissertation}       compulsory, identifies
%                                     publication relating
%                                     to this dissertation
% }
%
% Conference/collection article
%
% @incollection{anotherciteID,
% title={Work title},               compulsory
% author={A. Author and B. Buthor}, compulsory
% booktitle={Proceedings name},     compulsory
% editor={E. Editor and F. Fditor}, compulsory
% year={YYYY},                      compulsory
% location={Country},               if necessary
% publisher={Publisher},            very useful
% pubstate={forthcoming},           if not published yet; one of
%                                     forthcoming
%                                     inpress
%                                     prepublished
% pages={PPP--PPP},                 if applicable
% doi={10.xxxx/yyy},                kind of compulsory
% keywords={thisdissertation}       compulsory, identifies
%                                     publication relating
%                                     to this dissertation
% }
%
% For more options have a look at biblatex documentation
% or https://en.wikibooks.org/wiki/LaTeX/Bibliography_Management.
%
% Don't use other entry types for own publications, it may
% break automatic citations! If some other biblatex entry
% type is absolutely necessary, contact the maintainer.

@article{article1,
title={On the splitting of real isometries},
author={A. Lastname and C. Hausdoff and T. J. Thompson and K. Pythagoras},
journaltitle={Journal of Humbug},
year={2019},
volume={1},
number={1},
pages={1--9},
doi={10.1000/182},
keywords={thisdissertation}
}

@incollection{article2,
title={Measurability in statistical mechanics},
author={A. Lastname and L. Siegel and V. Desargues and W. Cartan},
booktitle={Humbug Proceedings},
editor={E. Editor},
year={2018},
pages={1--12},
doi={10.1000/182},
location={Humbugland},
publisher={Association of Humbug},
keywords={thisdissertation}
}

@article{article3,
title={Anti-Continuously Riemannian Degeneracy for Locally Ramanujan Subsets},
author={A. Lastname and L. Von Neumann and D. Napier and G. Atiyah},
journaltitle={Journal of Humbug},
year={2021},
pubstate={inpress},
doi={10.1000/182},
keywords={thisdissertation}
}
